@misc{most3,
  author={Pena Benafa},
  title={Welcome to the MOST Cooperation}, 
  url={https://www.mostcooperation.com/}, 
  journal={MOST Cooperation}
 } 

\nocite{a1}
\nocite{a2}
\nocite{a3}
\nocite{a4}
\nocite{a5}
\nocite{a6}
\nocite{a7}
\nocite{a8}
\nocite{a9}
\nocite{a10}




