%%%%% URL %%%%%%

@misc{copyurl1,
author = {},
title = {RoboEarth | What is Cloud Robotics?},
howpublished = {\url{http://roboearth.ethz.ch/cloud_robotics/index.html}},
month = {},
year = {2013},
note = {(Accessed on 06/10/2021)}
}

@article{copyurl2,
  title={A survey on sensor-cloud: architecture, applications, and approaches},
  author={Alamri, Atif and Ansari, Wasai Shadab and Hassan, Mohammad Mehedi and Hossain, M Shamim and Alelaiwi, Abdulhameed and Hossain, M Anwar},
  journal={International Journal of Distributed Sensor Networks},
  volume={9},
  number={2},
  pages={917923},
  year={2013},
  publisher={SAGE Publications Sage UK: London, England}
}

@article{copyurl3,
  title={Cyber-physical systems: a literature review},
  author={Sadiku, Matthew NO and Wang, Yonghui and Cui, Suxia and Musa, Sarhan M},
  journal={European Scientific Journal},
  volume={13},
  number={36},
  pages={52--58},
  year={2017}
}




%%%%%%%%%%%%%%%%%%%%%%%%%%%%%%%%%%%%%%%%%%%%%%%%%%%%%

%%%% IMAGES %%%%

 @article{image1,
  title={Cloud robotics and automation: A survey of related work},
  author={Goldberg, Ken and Kehoe, Ben},
  journal={EECS Department, University of California, Berkeley, Tech. Rep. UCB/EECS-2013-5},
  year={2013}
}
 
@inproceedings{image2,
  title={Cyber physical systems role in manufacturing technologies},
  author={Al-Ali, AR and Gupta, Ragini and Nabulsi, Ahmad Al},
  booktitle={AIP Conference Proceedings},
  volume={1957},
  number={1},
  pages={050007},
  year={2018},
  organization={AIP Publishing LLC}
}



%%%%%%%%%%%%%%%%%%

@article{nist_ref,
  title={The NIST definition of cloud computing},
  author={Mell, Peter and Grance, Tim and others},
  year={2011},
  publisher={Computer Security Division, Information Technology Laboratory, National~…}
}


@article{b1,
  title={Intelligent Network Layer for Cyber-Physical Systems Security},
  author={Chaganti, Raj and Gupta, Deepti and Vemprala, Naga},
  journal={arXiv preprint arXiv:2102.00647},
  year={2021}
}


@inproceedings{b2,
  title={Networking and Communication in Cyber Physical Systems},
  author={Jawhar, Imad and Al-Jaroodi, Jameela and Noura, Hassan and Mohamed, Nader},
  booktitle={2017 IEEE 37th International Conference on Distributed Computing Systems Workshops (ICDCSW)},
  pages={75--82},
  year={2017},
  organization={IEEE}
}


@article{b3,
  title={Cyber-physical systems clouds: A survey},
  author={Cha{\^a}ri, Rihab and Ellouze, Fatma and Koub{\^a}a, Anis and Qureshi, Basit and Pereira, Nuno and Youssef, Habib and Tovar, Eduardo},
  journal={Computer Networks},
  volume={108},
  pages={260--278},
  year={2016},
  publisher={Elsevier}
}


@inproceedings{b4,
  title={Dominance as a New Trusted Computing Primitive for the Internet of Things},
  author={Xu, Meng and Huber, Manuel and Sun, Zhichuang and England, Paul and Peinado, Marcus and Lee, Sangho and Marochko, Andrey and Mattoon, Dennis and Spiger, Rob and Thom, Stefan},
  booktitle={2019 IEEE Symposium on Security and Privacy (SP)},
  pages={1415--1430},
  year={2019},
  organization={IEEE}
}


@INPROCEEDINGS{a1,
  author={Luo, Shaojie and Zhang, Lichen and Guo, Nannan},
  booktitle={2019 IEEE 5th Intl Conference on Big Data Security on Cloud (BigDataSecurity), IEEE Intl Conference on High Performance and Smart Computing, (HPSC) and IEEE Intl Conference on Intelligent Data and Security (IDS)}, 
  title={Architecture of Cyber-Physical Systems Based on Cloud}, 
  year={2019},
  volume={},
  number={},
  pages={251-257},
  doi={10.1109/BigDataSecurity-HPSC-IDS.2019.00055}}
  
  @article{a2,
  title={From cloud computing to cloud manufacturing},
  author={Xu, Xun},
  journal={Robotics and computer-integrated manufacturing},
  volume={28},
  number={1},
  pages={75--86},
  year={2012},
  publisher={Elsevier}
}

@article{a3,
  title={Cloud manufacturing framework for smart monitoring of machining},
  author={Caggiano, Alessandra and Segreto, Tiziana and Teti, Roberto},
  journal={Procedia Cirp},
  volume={55},
  pages={248--253},
  year={2016},
  publisher={Elsevier}
}

@article{a4,
  title={Auction-based resource allocation mechanisms in the cloud environments: a review of the literature and reflection on future challenges},
  author={Sheikholeslami, Fereshteh and Jafari Navimipour, Nima},
  journal={Concurrency and Computation: Practice and Experience},
  volume={30},
  number={16},
  pages={e4456},
  year={2018},
  publisher={Wiley Online Library}
}

@article{c3,
  title={Cloud robotics: Current status and open issues},
  author={Wan, Jiafu and Tang, Shenglong and Yan, Hehua and Li, Di and Wang, Shiyong and Vasilakos, Athanasios V},
  journal={IEEE Access},
  volume={4},
  pages={2797--2807},
  year={2016},
  publisher={IEEE}
}

@inproceedings{c4,
  title={Conceptual model of cyberphysical environment based on collaborative work of distributed means and mobile robots},
  author={Ronzhin, Andrey and Saveliev, Anton and Basov, Oleg and Solyonyj, Sergey},
  booktitle={International Conference on Interactive Collaborative Robotics},
  pages={32--39},
  year={2016},
  organization={Springer}
}


@inproceedings{c5,
  title={An integrated cyber-physical system for cloud manufacturing},
  author={Wang, Lihui and Gao, Robert and Ragai, Ihab},
  booktitle={ASME 2014 International Manufacturing Science and Engineering Conference collocated with the JSME 2014 International Conference on Materials and Processing and the 42nd North American Manufacturing Research Conference},
  year={2014},
  organization={American Society of Mechanical Engineers Digital Collection}
}

@book{a6,
  title={Smart environments: technology, protocols, and applications},
  author={Cook, Diane and Das, Sajal Kumar},
  volume={43},
  year={2004},
  publisher={John Wiley \& Sons}
}

@book{a7,
  title={A vision of cyber-physical cloud computing for smart networked systems},
  author={Simmon, Eric and Kim, Kyoung-Sook and Subrahmanian, Eswaran and Lee, Ryong and De Vaulx, Frederic and Murakami, Yohei and Zettsu, Koji and Sriram, Ram D},
  year={2013},
  publisher={US Department of Commerce, National Institute of Standards and Technology~…}
}


  @INPROCEEDINGS{a9,
  author={Reuter, Anja and Andrikopoulos, Vasilios},
  booktitle={2020 46th Euromicro Conference on Software Engineering and Advanced Applications (SEAA)}, 
  title={Architectures of Cloud-enabled Cyber Physical Systems — a Systematic Mapping Study}, 
  year={2020},
  volume={},
  number={},
  pages={455-462},
  doi={10.1109/SEAA51224.2020.00078}
  }